@misc{COAST,
  title = {{Présentation de l'équipe Coast de l'Inria}},
  howpublished = "\\\url{https://team.inria.fr/coast/fr/}"
}

@misc{ChatBots,
    title = {{Chatbot}},
    howpublished = "\\\url{https://www.futura-sciences.com/tech/definitions/internet-chatbot-15778/}"
}

@misc{GCF,
    title = {{Documentation Google Cloud Functions}},
    howpublished = "\\\url{https://cloud.google.com/functions/docs/}"
}

@misc{BotSNCF,
    title = {{Voyages-Sncf dévoile son chatbot sur Messenger}},
    howpublished = "\\\url{https://www.tom.travel/2016/09/14/voyages-sncf-devoile-son-chatbot-sur-messenger/}"
}

@misc{Eliza,
    title = {{Intelligence Artificielle – Définition & applications au marketing digital}},
    howpublished = "\\\url{https://www.lafabriquedunet.fr/blog/intelligence-artificielle-definition/}"
}

@misc{ML,
    title = {{MACHINE LEARNING IS FOR MUGGLES TOO}},
    howpublished = "\\\url{http://martink.me/articles/machine-learning-is-for-muggles-too}"
}

@misc{APIdialogflow,
    title = {{Schéma d'utilisation de l'API Dialogflow}},
    howpublished = "\\\url{https://cloud.google.com/dialogflow/docs/api-overview}"
}

@misc{MMintegration,
    title = {{Guide de démarrage rapide : Interagir avec l'API Dialogflow}},
    howpublished = "\\\url{https://cloud.google.com/dialogflow/docs/quick/api#detect-intent-text-nodejs}"
}